<?xml version = "1.0" encoding = "UTF-8"?><OAI-PMH xmlns="http://www.openarchives.org/OAI/2.0/" xmlns:xsi="http://www.w3.org/2001/XMLSchema-instance" xsi:schemaLocation="http://www.openarchives.org/OAI/2.0/ http://www.openarchives.org/OAI/2.0/OAI-PMH.xsd"><ListRecords><record><header><identifier>aleph-publish:011223393</identifier></header><metadata><record xmlns="http://www.ddb.de/professionell/mabxml/mabxml-1.xsd"><leader>00517vM2.01200024------h</leader><controlfield tag="LDR">00517vM2.01200024------h</controlfield><controlfield tag="FMT">MH</controlfield><datafield tag="001" ind1="-" ind2="1"><subfield code="a">BT000177524</subfield></datafield><datafield tag="002" ind1="a" ind2="1"><subfield code="a">20000225</subfield></datafield><datafield tag="003" ind1="-" ind2="1"><subfield code="a">20000225</subfield></datafield><controlfield tag="030">a|1uc||||||27</controlfield><controlfield tag="050">a|||||||||||||</controlfield><controlfield tag="051">m|||||||</controlfield><datafield tag="070" ind1="-" ind2="1"><subfield code="a">6/NWBib</subfield></datafield><datafield tag="070" ind1="b" ind2="1"><subfield code="a">6/NWBib</subfield></datafield><datafield tag="078" ind1="n" ind2="1"><subfield code="a">NWBib</subfield></datafield><datafield tag="080" ind1="-" ind2="1"><subfield code="a">60</subfield></datafield><datafield tag="200" ind1="-" ind2="1"><subfield code="g">Bochum</subfield><subfield code="9">(DE-588)4007328-2</subfield></datafield><datafield tag="201" ind1="-" ind2="1"><subfield code="g">Stadt Bochum</subfield></datafield><datafield tag="201" ind1="-" ind2="1"><subfield code="g">Baukem</subfield></datafield><datafield tag="331" ind1="a" ind2="1"><subfield code="a">Bochum-Agenda 21</subfield></datafield><datafield tag="335" ind1="-" ind2="1"><subfield code="a">Dokumentation der Auftaktveranstaltung vom 15. Mai 1999 auf dem Dr.-Ruer-Platz und Umgebung</subfield></datafield><datafield tag="410" ind1="-" ind2="1"><subfield code="a">Bochum</subfield></datafield><datafield tag="425" ind1="a" ind2="1"><subfield code="a">1999</subfield></datafield><datafield tag="433" ind1="-" ind2="1"><subfield code="a">228 S. : Ill., graph. Darst.</subfield></datafield><datafield tag="537" ind1="-" ind2="1"><subfield code="a">2C 6583</subfield></datafield><datafield tag="700" ind1="n" ind2="1"><subfield code="a">Bochum</subfield><subfield code="0">https://nwbib.de/spatial#Q2103</subfield></datafield><datafield tag="700" ind1="n" ind2="1"><subfield code="a">Umweltschutz</subfield><subfield code="0">https://nwbib.de/subjects#N582000</subfield></datafield><datafield tag="700" ind1="n" ind2="1"><subfield code="a">Kommunalplanung</subfield><subfield code="0">https://nwbib.de/subjects#N572060</subfield></datafield><datafield tag="902" ind1="-" ind2="1"><subfield code="g">Bochum</subfield><subfield code="9">(DE-588)4007328-2</subfield></datafield><datafield tag="902" ind1="-" ind2="1"><subfield code="s">Lokale Agenda 21</subfield><subfield code="9">(DE-588)4505607-9</subfield></datafield><controlfield tag="SYS">011223393</controlfield><datafield tag="952" ind1="-" ind2="1"><subfield code="g">Stadt Bochum</subfield></datafield><datafield tag="952" ind1="-" ind2="1"><subfield code="g">Baukem</subfield></datafield></record></metadata></record></ListRecords></OAI-PMH>